Â¨@misc{motorv1,
    author = {BetaFPV},
    title = {Brushed motors},
    note = {Accessed on 23-02-2024},
    url = {https://betafpv.com/products/8-5x20mm-16000kv-brushed-motors-2cw-2ccw}
}

@manual{LM7805C,
    author = {Jameco},
    title = {Regulator Datasheet},
    note = {Accessed on 23-02-2024},
    url = {https://datasheet.octopart.com/LM7805CT-NOPB-Texas-Instruments-datasheet-7273848.pdf}
}

